@book{diniz09,
	author = "Diniz, Maria Helena",
	title = "Teoria das Obrigações Contratuais e Extracontratuais",
	year = "2009",
	series = "Curso de Direito Civil Brasileiro",
	volume = "3",
	edition = "25",
	publisher = "Saraiva Juridicos"
}
@book{spereira78,
	author = "{Silva Pereira}, Caio M.",
	title = "Instituições de Direito Civil",
	year = "1978",
	publisher = "Forense",
	address = "Rio de Janeiro",
	volume = "3"
}
@book{bevilaqua72,
	author = "Bevilaqua, Cl\'ovis",
	title = "Teoria Geral do Direito Civil",
	year = "1972",
	edition = "4"
}
@book{bevilaqua46,
	author = "Bevilaqua, Cl\'ovis",
	title = "Código Civil Comentado",
	year = "1946",
	edition = "7",
	volume="4"
}
@book{bevilaqua30,
	author = "Bevilaqua, Cl\'ovis",
	title = "Soluções Práticas em Direito",
	year = "1930",
	volume = "3"
}
@book{bevilaqua,
	author = "Bevilaqua, Cl\'ovis",
	title = "Direto das Obrigações",
	edition = "9"
}
@book{rocha17,
	author = "Rocha, Manuel Ant\'onio Coelho da",
	title = "Instituições de Direito Civil",
	year = "1917",
	publisher = "Clássica",
	address = "Lisboa"
}
@book{venosa06,
	author = "Venosa, S\'ilvio de Salvo",
	title = "Direito Civil",
	year = "2006",
	publisher = "Editora Átlas",
	address = "São Paulo",
	volume = "2",
	edition = "6"
}
@book{granziera,
	author = "Granziera, Maria Luiza Machado",
	title = "Contratos Administrativos - Gestão, Teoria e Prática",
	year = "2002",
	publisher = "Editora Átlas",
	address = "São Paulo"
}
@book{semola03,
	author = "S\^emola, Marcos",
	title = "Gestão da Segurança da Informação",
	year = "2003",
	publisher = "Campus",
	address = "São Paulo"
}
@book{oliveira01,
	author = "Oliveira, Wilson José",
	title = "Segurança da Informação - Técnicas e Soluções",
	year = "2001",
	publisher = "Campus",
	address = "São Paulo"
}
@manual{iso17799,
	author = "{Associação Brasileira de Normas Técnicas}",
	title = "NBR ISO/IEC 17799: Tecnologia da Informação - Código de prática
		para a gestão de segurança da informação",
	year = "2001",
	address = "Rio de Janeiro"
}
@MISC{website:ms-tech,
	AUTHOR = "{Microsoft Technet}",
	TITLE = "Academia latino-americana de segurança da informação",
	HOWPUBLISHED = "Disponível em {http://www.technetbrasil.com.br}. Acesso em
		Outubro de 2009"
}
@masterthesis{fneto,
	author = "{Freire Neto}, Francisco Xavier",
	title = "Segurança da Informação - Um estudo sobre a eficácia do controle de segurança de uma empresa de comércio de livros",
	school = "Faculdade de Tecnologia de São Paulo",
	year = "2005",
	address = "São Paulo"
}
@book{gmartins94,
	author = "Martins, Gilberto de Andrade",
	title = "Manual para elaboração de Monografias e Dissertações",
	year = "1994",
	publisher = "Atlas",
	edition = "2",
	address = "São Paulo"
}
@book{gil02,
	author = "Antonio Carlos Gil",
	title = "Como elaborar projetos de pesquisa",
	year = "2002",
	publisher = "Atlas",
	edition = "4",
	address = "São Paulo"
}
@book{vergara97,
	author = "Sylvia Constant Vergara",
	title = "Projetos e relatórios de pesquisa em Administração",
	year = "1997",
	publisher = "Atlas",
	address = "São Paulo"
}
@book{yin05,
	author = "Robert K. Yin",
	title = "Estudo de caso {--} Planejamento e Métodos",
	year = "2005",
	publisher = "Bookman",
	edition = "3",
	address = "Porto Alegre"
}
@book{ces03,
	author = "Donald R. Cooper and Pamela S. Schindler",
	title = "Métodos de pesquisa em adminstração",
	year = "2003",
	publisher = "Bookman",
	edition = "7",
	address = "Porto Alegre"
}
@book{diehl04,
	author = "Astor Antonio Diehl and Denise Carvalho Tatim",
	title = "Pesquisa em ciências sociais aplicadas",
	year = "2004",
	publisher = "Person",
	address = "São Paulo"
}
@article{siqueira05,
	author = "Jairo Siqueira",
	title = "O Modelo de Maturidade de Processos: como maximizar o
		retorno dos investimentos em melhoria da qualidade e
		produtividade.
		",
	year = "2005"
}
@MISC{rocha05,
	author = "Rocha, Luis Fernando",
	title = "ISO 17799 e BS 7799: os melhores amigos do CSO",
	HOWPUBLISHED = "Disponivel em:{http://www.modulo.com.br}. Acesso em:
		Outubro de 2009",
	year = "2005"
}
@MISC{neto03,
	author ="Neto, Cláudio de Lucena",
	title = "Segurança da informação corporativa: aspectos e implicaçõesjurídicas",
	year = "2003",
	HOWPUBLISHED = "Disponível em:
	{http://www1.jus.com.br/doutrina/texto.asp?id=3994>}. Acesso em: Outubro
	de 2009"
}
@book{freitas09,
	author = "Walter Freitas",
	title = "Gestão de contratos {--} Melhores práticas voltadas aos contratos
		empresariais",
	year = "2009",
	address = "São Paulo",
	publisher = "Atlas"
}
@book{fontes06,
	author = "Edison Fontes",
	title = "Seguran\c{c}a da Informa\c{c}ão. O usuário faz a diferen\c{c}a",
	address = "Rio de Janeiro",
	year = "2006",
	publisher = "Editora Saraiva"
}

@book{mandarini04,
	author = "M. Mandarini",
	title = "Seguran\c{c}a corporativa estratégica",
	address = "São Paulo",
	year = "2004",
	publisher = "Manoele"
}
@book{carneiro02,
	author = "A. Carneiro",
	title = "Introdu\c{c}ão a seguran\c{c}a dos sistemas de infoma\c{c}ão",
	address = "Lisboa",
	year = "2002",
	publisher = "FCA Editores"
}
@book{champlain03,
	author = "J. Champlain",
	title = "Auditing Information Systems",
	address = "New Jersey",
	year = "2003",
	publisher = "Jon Wiley \& Sons",
	edition = "2"
}
@book{moreira01,
	author = "S. Nilton Moreira",
	title = "Seguran\c{c}a Mínima: uma visão corporativa da seguran\c{c}a de
		informa\c{c}ões",
	address = "Rio de Janeiro",
	year = "2001",
	publisher = "Axcel Books"
}
@article{nimer98,
	author = "Fernando Nimer",
	title = "Seguran\c{c}a da informa\c{c}ão em ambientes distribuídos",
	address = "Rio de Janeiro",
	journal = "Developers Magazine",
	volume = "24",
	month = aug,
	year = "1998",
}
